<record><leader>00000cas a22000007a 4500</leader><controlfield tag="001">12006612</controlfield><controlfield tag="008">850507d18761876vauwr ne      0    0eng d</controlfield><datafield ind1=" " ind2=" " tag="010"><subfield code="a">sn 85026014 </subfield></datafield><datafield ind1=" " ind2=" " tag="040"><subfield code="a">NPX</subfield><subfield code="b">eng</subfield><subfield code="c">NPX</subfield><subfield code="d">NVK</subfield><subfield code="d">OCLCQ</subfield><subfield code="d">OCLCF</subfield><subfield code="d">OCLCO</subfield></datafield><datafield ind1="1" ind2=" " tag="029"><subfield code="a">AU@</subfield><subfield code="b">000020377679</subfield></datafield><datafield ind1=" " ind2=" " tag="042"><subfield code="a">msc</subfield></datafield><datafield ind1=" " ind2=" " tag="043"><subfield code="a">n-us-va</subfield></datafield><datafield ind1="0" ind2="0" tag="245"><subfield code="a">Pittsylvania County courier.</subfield></datafield><datafield ind1="1" ind2="3" tag="246"><subfield code="a">Pittsylvania courier</subfield></datafield><datafield ind1=" " ind2=" " tag="260"><subfield code="a">Pittsylvania C.H. [i.e. Chatham], Va. :</subfield><subfield code="b">J.G. Cannon</subfield></datafield><datafield ind1=" " ind2=" " tag="300"><subfield code="a">v. ;</subfield><subfield code="c">59 cm.</subfield></datafield><datafield ind1=" " ind2=" " tag="310"><subfield code="a">Weekly</subfield></datafield><datafield ind1="1" ind2=" " tag="362"><subfield code="a">Began and ceased in 1876.</subfield><subfield code="z">Cf. Cappon, L.J. Va. newspapers.</subfield></datafield><datafield ind1=" " ind2=" " tag="500"><subfield code="a">"County" appears over title ornament.</subfield></datafield><datafield ind1=" " ind2=" " tag="500"><subfield code="a">Editor: James G. Cannon, &lt;1876&gt;.</subfield></datafield><datafield ind1=" " ind2=" " tag="588"><subfield code="a">Description based on: Vol. 1, no. 21 (May 27, 1876).</subfield></datafield><datafield ind1=" " ind2="0" tag="651"><subfield code="a">Chatham (Va.)</subfield><subfield code="v">Newspapers.</subfield></datafield><datafield ind1=" " ind2="0" tag="651"><subfield code="a">Pittsylvania County (Va.)</subfield><subfield code="v">Newspapers.</subfield></datafield><datafield ind1=" " ind2="7" tag="655"><subfield code="a">Newspapers.</subfield><subfield code="2">fast</subfield><subfield code="0">(OCoLC)fst01423814</subfield></datafield><datafield ind1=" " ind2="7" tag="651"><subfield code="a">Virginia</subfield><subfield code="z">Chatham.</subfield><subfield code="2">fast</subfield><subfield code="0">(OCoLC)fst01216529</subfield></datafield><datafield ind1=" " ind2="7" tag="651"><subfield code="a">Virginia</subfield><subfield code="z">Pittsylvania County.</subfield><subfield code="2">fast</subfield><subfield code="0">(OCoLC)fst01210134</subfield></datafield><datafield ind1=" " ind2=" " tag="752"><subfield code="a">United States</subfield><subfield code="b">Virginia</subfield><subfield code="c">Pittsylvania</subfield><subfield code="d">Chatham.</subfield></datafield><datafield ind1=" " ind2=" " tag="752"><subfield code="a">United States</subfield><subfield code="b">Virginia</subfield><subfield code="c">Pittsylvania</subfield><subfield code="d">Pittsylvania Court House.</subfield></datafield><datafield ind1="0" ind2="7" tag="785"><subfield code="t">Chatham tribune</subfield><subfield code="w">(DLC)sn 85026011</subfield></datafield><datafield ind1="0" ind2="7" tag="785"><subfield code="t">Pittsylvania tribune</subfield><subfield code="w">(DLC)sn 84025982</subfield></datafield></record>